<?xml version="1.0" encoding="UTF-8" ?>
<collection xmlns:xsi="http://www.w3.org/2001/XMLSchema-instance"
    xsi:schemaLocation="http://www.loc.gov/MARC21/slim
        http://www.loc.gov/standards/marcxml/schema/MARC21slim.xsd"
    xmlns="http://www.loc.gov/MARC21/slim">
<record>
  <leader>00237cam a2200445 i 4500</leader>
  <controlfield tag="001">b12778734</controlfield>
  <controlfield tag="003">LeBAU</controlfield>
  <controlfield tag="005">20140215</controlfield>
  <controlfield tag="008">971127s1903    le            000 0 ara d</controlfield>
  <datafield tag="035" ind1=" " ind2=" ">
    <subfield code="a">ocn784511145</subfield>
  </datafield>
  <datafield tag="037" ind1=" " ind2=" ">
    <subfield code="b">Helen Badaro</subfield>
    <subfield code="z">33742</subfield>
  </datafield>
  <datafield tag="040" ind1=" " ind2=" ">
    <subfield code="a">LEAUB</subfield>
    <subfield code="b">ara</subfield>
    <subfield code="e">rda</subfield>
    <subfield code="c">LEAUB</subfield>
    <subfield code="d">LEAUB</subfield>
  </datafield>
  <datafield tag="082" ind1="0" ind2="4">
    <subfield code="a">492.75</subfield>
    <subfield code="2">22</subfield>
  </datafield>
  <datafield tag="100" ind1="1" ind2=" ">
    <subfield code="6">880-01</subfield>
    <subfield code="a">Ḍūmiṭ, Jabr,</subfield>
    <subfield code="d">1858-1930,</subfield>
    <subfield code="e">author.</subfield>
  </datafield>
  <datafield tag="245" ind1="1" ind2="0">
    <subfield code="6">880-02</subfield>
    <subfield code="a">al-Khawāṭir al-‘irāb fī al-naḥw wa-al-i‘rāb /</subfield>
    <subfield code="c">ta’īf Jabr Ḍūmiṭ M. ‘A., ustādh al-lughah al-‘Arabīyah fī al-Madrasah al-Kullīyah al-Sūrīyah al-Injīlīyah fī Bayrūt.</subfield>
  </datafield>
  <datafield tag="264" ind1=" " ind2="1">
    <subfield code="6">880-03</subfield>
    <subfield code="a">Bayrūt :</subfield>
    <subfield code="b">al-Maṭba‘ah al-Adabīyah,</subfield>
    <subfield code="c">1903.</subfield>
  </datafield>
  <datafield tag="300" ind1=" " ind2=" ">
    <subfield code="6">880-04</subfield>
    <subfield code="a">334 pages ;</subfield>
    <subfield code="c">23 cm</subfield>
  </datafield>
  <datafield tag="336" ind1=" " ind2=" ">
    <subfield code="a">text</subfield>
    <subfield code="b">txt</subfield>
    <subfield code="2">rdacontent</subfield>
  </datafield>
  <datafield tag="337" ind1=" " ind2=" ">
    <subfield code="a">unmediated</subfield>
    <subfield code="b">n</subfield>
    <subfield code="2">rdamedia</subfield>
  </datafield>
  <datafield tag="338" ind1=" " ind2=" ">
    <subfield code="a">volume</subfield>
    <subfield code="b">nc</subfield>
    <subfield code="2">rdacarrier</subfield>
  </datafield>
  <datafield tag="500" ind1=" " ind2=" ">
    <subfield code="a">"تقدمة إعتبار لواحد العصر ورجل الهمة والفضل العلامة أستاذي الجليل الدكتور جورج بوست م. عد ط د. ج. س د. ش"</subfield>
  </datafield>
  <datafield tag="650" ind1=" " ind2="4">
    <subfield code="a">اللغة العربية</subfield>
    <subfield code="x">قواعد.</subfield>
  </datafield>
  <datafield tag="650" ind1=" " ind2="4">
    <subfield code="a">اللغة العربية</subfield>
    <subfield code="x">الإعراب.</subfield>
  </datafield>
  <datafield tag="650" ind1=" " ind2="0">
    <subfield code="a">Arabic language</subfield>
    <subfield code="x">Grammar.</subfield>
  </datafield>
  <datafield tag="650" ind1=" " ind2="0">
    <subfield code="a">Arabic language</subfield>
    <subfield code="x">Syntax.</subfield>
  </datafield>
  <datafield tag="775" ind1="0" ind2=" ">
    <subfield code="6">880-05</subfield>
    <subfield code="t">al-Khawāṭir al-‘irāb fī al-naḥw wa-al-i‘rāb.</subfield>
    <subfield code="b">Ṭab‘ah thānīyah</subfield>
    <subfield code="d">Bayrūt : al-Maṭba‘ah al-Adabīyah, 1909</subfield>
    <subfield code="w">b1827674x</subfield>
  </datafield>
  <datafield tag="775" ind1="0" ind2=" ">
    <subfield code="6">880-06</subfield>
    <subfield code="t">al-Khawāṭir al-‘irāb fī al-naḥw wa-al-i‘rāb.</subfield>
    <subfield code="b">al-Ṭab‘ah thālithah</subfield>
    <subfield code="d">Bayrūt : al-Maṭba‘ah al-Adabīyah, 1928</subfield>
    <subfield code="w">(OCoLC)784511147</subfield>
    <subfield code="w">(OCoLC)784511147</subfield>
  </datafield>
  <datafield tag="852" ind1=" " ind2=" ">
    <subfield code="a">Jafet Archives and Special Collections</subfield>
    <subfield code="e">American University of Beirut, Bliss Street , Beirut, Lebanon.</subfield>
  </datafield>
  <datafield tag="880" ind1="1" ind2=" ">
    <subfield code="6">100-01/(3/r</subfield>
    <subfield code="a">ضومط، جبر،</subfield>
    <subfield code="d">1858-1930،</subfield>
    <subfield code="e">مؤلف. </subfield>
    <subfield code="4">aut.</subfield>
  </datafield>
  <datafield tag="880" ind1="1" ind2="0">
    <subfield code="6">245-02/(3/r</subfield>
    <subfield code="a">الخواطر العراب في النحو و الإعراب /</subfield>
    <subfield code="c">تأليف جبر ضومط م. ع.، أستاذ اللغة العربية في المدرسة الكلية السورية الإنجيلية في بيروت.</subfield>
  </datafield>
  <datafield tag="880" ind1=" " ind2="1">
    <subfield code="6">264-03/(3/r</subfield>
    <subfield code="a">بيروت :</subfield>
    <subfield code="b">المطبعة الأدبية،</subfield>
    <subfield code="c">1903.</subfield>
  </datafield>
  <datafield tag="880" ind1=" " ind2=" ">
    <subfield code="6">300-04/(3/r</subfield>
    <subfield code="a">334 صفحة ؛</subfield>
    <subfield code="c">23 سم</subfield>
  </datafield>
  <datafield tag="880" ind1="0" ind2=" ">
    <subfield code="6">775-05/(3/r</subfield>
    <subfield code="t">الخواطر العراب في النحو والإعراب.</subfield>
    <subfield code="b">طبعة ثانية</subfield>
    <subfield code="d">بيروت : المطبعة الأدبية، 1909</subfield>
    <subfield code="w">b1827674x</subfield>
  </datafield>
  <datafield tag="880" ind1="0" ind2=" ">
    <subfield code="6">775-06/(3/r</subfield>
    <subfield code="t">الخواطر العراب في النحو والإعراب.</subfield>
    <subfield code="b">الطبعة الثالثة</subfield>
    <subfield code="d">بيروت : المطبعة الأدبية، 1928</subfield>
    <subfield code="w">b12778758</subfield>
    <subfield code="w">(OCoLC)784511147</subfield>
  </datafield>
  <datafield tag="907" ind1=" " ind2=" ">
    <subfield code="a">.b12778734</subfield>
    <subfield code="b">16-03-23</subfield>
    <subfield code="c">11-05-24</subfield>
  </datafield>
  <datafield tag="907" ind1=" " ind2=" ">
    <subfield code="a">.b12778734</subfield>
    <subfield code="b">15-10-15</subfield>
    <subfield code="c">11-05-24</subfield>
  </datafield>
  <datafield tag="945" ind1=" " ind2=" ">
    <subfield code="f">CA:AUB</subfield>
    <subfield code="a">492.75:D88khA:c.1</subfield>
    <subfield code="g">1</subfield>
    <subfield code="i">01068983</subfield>
    <subfield code="j">.i13364200</subfield>
    <subfield code="l">u0305</subfield>
  </datafield>
  <datafield tag="945" ind1=" " ind2=" ">
    <subfield code="f">CA:AUB</subfield>
    <subfield code="a">492.75:D88khA:c.2</subfield>
    <subfield code="g">1</subfield>
    <subfield code="i">00348069</subfield>
    <subfield code="j">.i13364212</subfield>
    <subfield code="l">u0305</subfield>
  </datafield>
  <datafield tag="998" ind1=" " ind2=" ">
    <subfield code="a">u03</subfield>
    <subfield code="b">97-11-27</subfield>
    <subfield code="c">m</subfield>
    <subfield code="d">a</subfield>
    <subfield code="e">-</subfield>
    <subfield code="f">ara</subfield>
    <subfield code="g">le </subfield>
    <subfield code="h">0</subfield>
    <subfield code="i">2</subfield>
  </datafield>
</record>
</collection>
